<?xml version="1.0" encoding="UTF-8"?><collection xmlns="http://www.loc.gov/MARC21/slim"><record><leader>00603nam--2200181-i-4500</leader><controlfield tag="001">000013088</controlfield><controlfield tag="002">20161230</controlfield><controlfield tag="005">20161230201030</controlfield><controlfield tag="008">060222s1000------------r-----000-0-eng-d</controlfield><datafield ind1=" " ind2=" " tag="020"><subfield code="a">0855014571</subfield></datafield><datafield ind1=" " ind2=" " tag="040"><subfield code="a">IFIN-HH</subfield></datafield><datafield ind1=" " ind2=" " tag="080"><subfield code="a">539.143.33(083.4)(035.5)</subfield></datafield><datafield ind1="1" ind2=" " tag="100"><subfield code="a">Brugel, W</subfield></datafield><datafield ind1="1" ind2="0" tag="245"><subfield code="a">Handbook of nmr spectral parameters; tabulated high resolution chemical shifts and coupling constants for organic compounds according to spin system</subfield><subfield code="b">Volume 1: tables 1-36</subfield><subfield code="c">W. brugel</subfield></datafield><datafield ind1=" " ind2=" " tag="260"><subfield code="a">London</subfield><subfield code="b">Heyden</subfield><subfield code="c">1979</subfield></datafield><datafield ind1=" " ind2=" " tag="300"><subfield code="a">XXI + 262 P</subfield></datafield><datafield ind1=" " ind2=" " tag="852"><subfield code="a">47266</subfield><subfield code="c">539.143.43</subfield></datafield><datafield ind1=" " ind2=" " tag="CAT"><subfield code="a">Sys</subfield><subfield code="c">20120510</subfield><subfield code="h">162016</subfield></datafield></record></collection>